@article{fischler_random_1981,
	title = {Random sample consensus: a paradigm for model fitting with applications to image analysis and automated cartography},
	volume = {24},
	issn = {0001-0782, 1557-7317},
	shorttitle = {Random sample consensus},
	url = {https://dl.acm.org/doi/10.1145/358669.358692},
	doi = {10.1145/358669.358692},
	language = {en},
	number = {6},
	urldate = {2020-11-14},
	journal = {Communications of the ACM},
	author = {Fischler, Martin A. and Bolles, Robert C.},
	month = jun,
	year = {1981},
	pages = {381--395},
}

@misc{nhs_national_2018,
	title = {National {Child} {Measurement} {Programme}, {England} 2018/19 {School} {Year}.},
	url = {https://digital.nhs.uk/data-and-information/publications/statistical/national-child-measurement-programme/2018-19-school-year},
	author = {NHS},
	year = {2018},
}

@article{pedregosa_f_scikit-learn_2011,
	title = {Scikit-learn: {Machine} {Learning} in {Python}},
	url = {https://jmlr.csail.mit.edu/papers/volume12/pedregosa11a/pedregosa11a.pdf},
	number = {12},
	journal = {Journal of Machine Learning Research},
	author = {Pedregosa, F. and Varoquaux, G. and {Gramfort, A.} and {Michel, V.}},
	year = {2011},
	pages = {2825--2830},
}
